 @book{turbulentFlows,
  title={Turbulent flows},
  author={{S. B. Pope}},
  year={2000},
  publisher={Cambridge University Press}
}
@incollection{ValidationOfParticleLadenLargeEddySimulationUsingHPCSystems,
  title={{Validation of Particle-Laden Large-Eddy Simulation Using HPC Systems}},
  author={{K. Fr{\"o}hlich, L. Schneiders, M. Meinke and W. Schr{\"o}der}},
  booktitle={Sustained Simulation Performance 2017},
  pages={137--149},
  year={2017},
  publisher={Springer}
}
@article{EquationOfMotionForASmallRigidSphereInANonuniformFlow,
title={Equation of motion for a small rigid sphere in a nonuniform flow},
  author={{M.R. Maxey and J.J. Riley}},
  journal={Phys. Fluids},
  volume={26},
  number={4},
  pages={883--889},
  year={1983},
  publisher={AIP}
}
@article{TheImportanceOfTheFocusActingOnParticlesInTurbulentFlows,
author = {{V. Armenio and V. Fiorotto}},
title = {The importance of the forces acting on particles in turbulent flows},
journal = {{Phys. Fluids}},
volume = {13},
number = {8},
pages = {2437-2440},
year = {2001},
doi = {10.1063/1.1385390},
URL = {http://dx.doi.org/10.1063/1.1385390},
eprint = {http://dx.doi.org/10.1063/1.1385390}
}
@article{particleladenTurbulentFlows:DirectSimulationAndClosureModels,
  title={Particle-laden turbulent flows: direct simulation and closure models},
  author={{S. Elghobashi}},
  journal={Appl. Sci. Res.},
  volume={48},
  number={3},
  pages={301--314},
  year={1991},
  publisher={Springer}
}
@book{computationalMethodsforMultiphaseFlow,
title={Computational methods for multiphase flow},
  author={{A. Prosperetti and G. Tryggvason}},
  year={2009},
  publisher={Cambridge University Press}
}
@article{anAdaptiveMultilevelMultigridFormulationForCartesianHierarchicalGridMethods,
   title={{An adaptive multilevel multigrid formulation for Cartesian hierarchical grid methods}},
  author={{D. Hartmann, M. Meinke and W. Schr{\"o}der}},
  journal={Comput. Fluids},
  volume={37},
  number={9},
  pages={1103--1125},
  year={2008},
  publisher={Elsevier}
}
@article{aStrictlyConservativeCartesianCutCellMethodForCompressibleViscousFlowsOnAdaptiveGrids,
   title={{A strictly conservative Cartesian cut-cell method for compressible viscous flows on adaptive grids}},
  author={{D. Hartmann, M. Meinke and W. Schr{\"o}der}},
  journal={Comput. Methods in Appl. Mech. Eng.},
  volume={200},
  number={9},
  pages={1038--1052},
  year={2011},
  publisher={Elsevier}
}
@article{PreferentialConcentrationOfHeavyParticles,
  title={Preferential concentration of heavy particles in a turbulent channel flow},
  author={{J.R. Fessler, J.D. Kulick and J.K. Eaton}},
  journal={Phys. Fluids},
  volume={6},
  number={11},
  pages={3742--3749},
  year={1994},
  publisher={AIP}
}
   @phdthesis{implicitLES,
    title={Implicit turbulence modeling for large-eddy simulation},
  author={{S. Hickel}},
  journal={\_\_, June},
  year={2008}
}
 @phdthesis{particleCollisions,
    title = {{Numerical Analysis of Particle Collisions in Isotropic Turbulence}},
    author={{C. Siewert}},
  year={2014},
  publisher={Verlag Dr. Hut}
}
@article{OnPredictingParticle-LadenTurbulentFlows,
   title={On predicting particle-laden turbulent flows},
  author={{S. Elghobashi}},
  journal={Appl. Sci. Res.},
  volume={52},
  number={4},
  pages={309--329},
  year={1994},
  publisher={Springer}
}
@article{Schneiders2017,
   title={Direct particle--fluid simulation of Kolmogorov-length-scale size particles in decaying isotropic turbulence},
  author={{L. Schneiders, M. Meinke and W. Schr{\"o}der}},
  journal={J. Fluid Mech.},
  volume={819},
  pages={188--227},
  year={2017},
  publisher={Cambridge University Press}
}
@article{Kolmogorov1941,
   title={{The local structure of turbulence in incompressible viscous fluid for very large Reynolds numbers}},
  author={{A.N. Kolmogorov}},
  booktitle={Dokl. Akad. Nauk SSSR},
  volume={30},
  number={4},
  pages={299--303},
  year={1941}
}
@article{Richardson1920,
   title={The supply of energy from and to atmospheric eddies},
  author={{L.F. Richardson}},
  journal={Proceedings of the Royal Society of London. Series A, Containing Papers of a Mathematical and Physical Character},
  volume={97},
  number={686},
  pages={354--373},
  year={1920},
  publisher={JSTOR}
}
@book{albumOfFluidMotion,
    title={{An album of fluid motion}},
  author={Van Dyke},
  year={1982},
  publisher={Parabolic Press Stanford}
}
@article{mechanismsoftwowaycoupling,
title={On the physical mechanisms of two-way coupling in particle-laden isotropic turbulence},
  author={{A. Ferrante and S. Elghobashi}},
  journal={Phys. Fluids},
  volume={15},
  number={2},
  pages={315--329},
  year={2003},
  publisher={AIP}
}
